<?xml version="1.0" encoding="UTF-8"?>
<OAI-PMH xmlns="http://www.openarchives.org/OAI/2.0/" xmlns:xsi="http://www.w3.org/2001/XMLSchema-instance" xsi:schemaLocation="http://www.openarchives.org/OAI/2.0/ http://www.openarchives.org/OAI/2.0/OAI-PMH.xsd">
<ListRecords>
<record>
<header status="updated">
<identifier>urm_publish:71284002990002121</identifier>
</header>
<metadata>
<record xmlns="http://www.loc.gov/MARC21/slim" xmlns:xsi="http://www.w3.org/2001/XMLSchema-instance" xsi:schemaLocation="http://www.loc.gov/MARC21/slim http://www.loc.gov/standards/marcxml/schema/MARC21slim.xsd" ><leader>01013nam a2200313 a 4500</leader><controlfield tag="005">19990604082155.0</controlfield><controlfield tag="008">840217s1983    enka     b    00110 eng  </controlfield><controlfield tag="001">999551312902121</controlfield><datafield tag="010" ind1=" " ind2=" "><subfield code="a">   82072342 </subfield></datafield><datafield tag="020" ind1=" " ind2=" "><subfield code="a">0126633207</subfield></datafield><datafield tag="035" ind1=" " ind2=" "><subfield code="a">(OCoLC)09915614</subfield></datafield><datafield tag="035" ind1=" " ind2=" "><subfield code="9">AEZ1067UW</subfield></datafield><datafield tag="035" ind1=" " ind2=" "><subfield code="a">(WU)860641-uwmadisondb</subfield></datafield><datafield tag="039" ind1="0" ind2=" "><subfield code="a">2</subfield><subfield code="b">3</subfield><subfield code="c">3</subfield><subfield code="d">3</subfield><subfield code="e">3</subfield></datafield><datafield tag="040" ind1=" " ind2=" "><subfield code="a">DLC</subfield><subfield code="b">eng</subfield><subfield code="c">DLC</subfield><subfield code="d">GZM</subfield></datafield><datafield tag="050" ind1="0" ind2=" "><subfield code="a">QC786.6.D4</subfield><subfield code="b">S73 1983</subfield></datafield><datafield tag="082" ind1="0" ind2=" "><subfield code="a">621.48/31</subfield><subfield code="2">19</subfield></datafield><datafield tag="100" ind1="1" ind2=" "><subfield code="a">Stamm'ler, Rudi J. J.</subfield><subfield code="2">LCNAMES</subfield><subfield code="0">41-LIBRARY_OF_CONGRESS-n  83059979</subfield><subfield code="9">Y</subfield></datafield><datafield tag="245" ind1="1" ind2="0"><subfield code="a">Methods of steady-state reactor physics in nuclear design /</subfield><subfield code="c">Rudi J.J. Stamm'ler, Máximo J. Abbate.</subfield></datafield><datafield tag="264" ind1=" " ind2="1"><subfield code="a">London ;</subfield><subfield code="a">New York :</subfield><subfield code="b">Academic Press,</subfield><subfield code="c">1983.</subfield></datafield><datafield tag="300" ind1=" " ind2=" "><subfield code="a">xvi, 506 pages :</subfield><subfield code="b">illustrations ;</subfield><subfield code="c">24 cm</subfield></datafield><datafield tag="336" ind1=" " ind2=" "><subfield code="a">text</subfield><subfield code="b">txt</subfield><subfield code="2">rdacontent</subfield></datafield><datafield tag="337" ind1=" " ind2=" "><subfield code="a">unmediated</subfield><subfield code="b">n</subfield><subfield code="2">rdamedia</subfield></datafield><datafield tag="338" ind1=" " ind2=" "><subfield code="a">volume</subfield><subfield code="b">nc</subfield><subfield code="2">rdacarrier</subfield></datafield><datafield tag="504" ind1=" " ind2=" "><subfield code="a">Includes bibliographies and index.</subfield></datafield><datafield tag="650" ind1=" " ind2="0"><subfield code="a">Nuclear reactors</subfield><subfield code="x">Design and construction.</subfield><subfield code="2">LCSH</subfield><subfield code="0">41-LIBRARY_OF_CONGRESS-sh 85093082</subfield><subfield code="9">Y</subfield></datafield><datafield tag="700" ind1="1" ind2=" "><subfield code="a">Abbate, Máximo Julio.</subfield><subfield code="2">LCNAMES</subfield><subfield code="0">41-LIBRARY_OF_CONGRESS-n  79090997</subfield><subfield code="9">Y</subfield></datafield><datafield tag="959" ind1=" " ind2=" "><subfield code="a">ON RESERVE</subfield></datafield><datafield tag="997" ind1=" " ind2=" "><subfield code="a">MARCIVE</subfield></datafield><datafield tag="700" ind1="1" ind2=" "><subfield code="a">Abbate, M. J.</subfield><subfield code="q">(Máximo Julio)</subfield><subfield code="2">LCNAMES</subfield><subfield code="0">41-LIBRARY_OF_CONGRESS-n  79090997</subfield><subfield code="9">N</subfield></datafield><datafield tag="700" ind1="1" ind2=" "><subfield code="a">Abbate, Máximo J.</subfield><subfield code="q">(Máximo Julio)</subfield><subfield code="2">LCNAMES</subfield><subfield code="0">41-LIBRARY_OF_CONGRESS-n  79090997</subfield><subfield code="9">N</subfield></datafield><datafield tag="650" ind1=" " ind2="0"><subfield code="a">Nuclear reactors</subfield><subfield code="x">Construction</subfield><subfield code="2">LCSH</subfield><subfield code="0">41-LIBRARY_OF_CONGRESS-sh 85093082</subfield><subfield code="9">N</subfield></datafield><datafield tag="100" ind1="1" ind2=" "><subfield code="a">Stamm'ler, R. J. J.</subfield><subfield code="q">(Rudi J. J.)</subfield><subfield code="2">LCNAMES</subfield><subfield code="0">41-LIBRARY_OF_CONGRESS-n  83059979</subfield><subfield code="9">N</subfield></datafield><datafield tag="INST" ind1=" " ind2=" "><subfield code="a">01UWI_NETWORK</subfield><subfield code="b">P</subfield><subfield code="c">71284002990002121</subfield></datafield><datafield tag="INST" ind1=" " ind2=" "><subfield code="a">01UWI_MAD</subfield><subfield code="b">P</subfield><subfield code="c">21508961280002122</subfield></datafield><datafield tag="AVA" ind1=" " ind2=" "><subfield code="0">998606413602122</subfield><subfield code="8">22854648570002122</subfield><subfield code="a">01UWI_MAD</subfield><subfield code="b">STEENBOCK</subfield><subfield code="c">Stacks</subfield><subfield code="d">QC786.6 D4 S73 1983</subfield><subfield code="e">available</subfield><subfield code="f">1</subfield><subfield code="g">0</subfield><subfield code="j">stk</subfield><subfield code="k">0</subfield><subfield code="p">1</subfield><subfield code="q">Steenbock Library</subfield></datafield><datafield tag="MMS" ind1=" " ind2=" "><subfield code="b">999551312902121</subfield><subfield code="a">01UWI_NETWORK</subfield></datafield><datafield tag="MMS" ind1=" " ind2=" "><subfield code="b">998606413602122</subfield><subfield code="a">01UWI_MAD</subfield></datafield></record>
</metadata>
</record>
</ListRecords>
</OAI-PMH>